<?xml version="1.0" encoding="UTF-8"?><collection xmlns="http://www.loc.gov/MARC21/slim"><record><leader>00437nam--2200169-i-4500</leader><controlfield tag="001">000027389</controlfield><controlfield tag="002">20161230</controlfield><controlfield tag="005">20170125234054</controlfield><controlfield tag="008">060222s1000------------r-----000-0-eng-d</controlfield><datafield ind1=" " ind2=" " tag="080"><subfield code="a">517</subfield></datafield><datafield ind1="1" ind2=" " tag="100"><subfield code="a">Ostberg, Donald R</subfield></datafield><datafield ind1=" " ind2=" " tag="245"><subfield code="a">An introduction to linear analysis</subfield></datafield><datafield ind1=" " ind2=" " tag="260"><subfield code="a">Reading/Mass</subfield><subfield code="b">Addison-Wesley Publ.Co</subfield><subfield code="c">1966</subfield></datafield><datafield ind1=" " ind2=" " tag="300"><subfield code="a">XV + 773 p</subfield></datafield><datafield ind1=" " ind2=" " tag="700"><subfield code="a">Perkins, Fred W</subfield></datafield><datafield ind1=" " ind2=" " tag="852"><subfield code="a">27736</subfield><subfield code="c">517</subfield></datafield><datafield ind1=" " ind2=" " tag="CAT"><subfield code="a">SYS</subfield><subfield code="c">20170125</subfield><subfield code="h">234054</subfield></datafield></record></collection>